<?xml version="1.0" encoding="UTF-8"?><record xmlns="http://www.loc.gov/MARC21/slim" xmlns:cinclude="http://apache.org/cocoon/include/1.0" xmlns:zs="http://www.loc.gov/zing/srw/">
  <leader>00734cz  a2200157n  4500</leader>
  <controlfield tag="001">n 2008044927</controlfield>
  <controlfield tag="003">DLC</controlfield>
  <controlfield tag="005">20101215112147.0</controlfield>
  <controlfield tag="008">080703n| acannaabn          |a aaa      </controlfield>
  <datafield tag="010" ind1=" " ind2=" ">
    <subfield code="a">n 2008044927</subfield>
  </datafield>
  <datafield tag="035" ind1=" " ind2=" ">
    <subfield code="a">(OCoLC)oca07812796</subfield>
  </datafield>
  <datafield tag="040" ind1=" " ind2=" ">
    <subfield code="a">DLC</subfield>
    <subfield code="b">eng</subfield>
    <subfield code="c">DLC</subfield>
    <subfield code="d">PCarlMH</subfield>
  </datafield>
  <datafield tag="100" ind1="1" ind2=" ">
    <subfield code="a">Dalessandro, Robert J.</subfield>
  </datafield>
  <datafield tag="400" ind1="1" ind2=" ">
    <subfield code="a">Dalessandro, Rob</subfield>
  </datafield>
  <datafield tag="670" ind1=" " ind2=" ">
    <subfield code="a">Dalessandro, Robert J. Organization and insignia of the American Expeditionary Force, 1917-1923, c2008:</subfield>
    <subfield code="b">t.p. (Robert J. Dalessandro) p. 3 of cover (colonel in the [U.S.] Army; director of the U.S. Army Heritage and Education Center; Rob)</subfield>
  </datafield>
  <datafield tag="670" ind1=" " ind2=" ">
    <subfield code="a">American Lions, 2010:</subfield>
    <subfield code="b">p. 3 of cover (Robert J. Dalessandro; retired U.S. Army Colonel; Asst. Chief, U.S. Army Center of Military History)</subfield>
  </datafield>
</record>